@article{
year={2005},
issn={0010-9525},
journal={Cosmic Research},
volume={43},
number={6},
doi={10.1007/s10604-005-0066-9},
title={The Rate of Single Event Upsets in Electronic Circuits onboard Spacecraft},
url={http://dx.doi.org/10.1007/s10604-005-0066-9},
publisher={Nauka/Interperiodica},
author={Kuznetsov, N.V.},
pages={423-431},
language={English}
}
