@incollection{
year={2007},
isbn={978-1-4020-5645-1},
booktitle={Radiation Effects on Embedded Systems},
editor={VELAZCO, RAOUL and FOUILLAT, PASCAL and REIS, RICARDO},
doi={10.1007/978-1-4020-5646-8_4},
title={Multi-level Fault Effects Evaluation},
url={http://dx.doi.org/10.1007/978-1-4020-5646-8_4},
publisher={Springer Netherlands},
author={Anghel, L. and Rebaudengo, M. and Reorda, M.Sonza and Violante, M.},
pages={69-88},
language={English}
}
