@article{
year={2004},
issn={0923-8174},
journal={Journal of Electronic Testing},
volume={20},
number={4},
doi={10.1023/B:JETT.0000039610.30724.b2},
title={A New Approach to Software-Implemented Fault Tolerance},
url={http://dx.doi.org/10.1023/B%3AJETT.0000039610.30724.b2},
publisher={Kluwer Academic Publishers},
keywords={software-implemented fault tolerance; single event upsets; fault injection},
author={Rebaudengo, M. and Reorda, M.Sonza and Violante, M.},
pages={433-437},
language={English}
}
