@article{
year={2008},
issn={0923-8174},
journal={Journal of Electronic Testing},
volume={24},
number={1-3},
doi={10.1007/s10836-007-5028-0},
title={Software and Hardware Techniques for SEU Detection in IP Processors},
url={http://dx.doi.org/10.1007/s10836-007-5028-0},
publisher={Springer US},
keywords={Reliability; Hardware/software techniques; Single-event upset faults; Fault injection},
author={Bolchini, C. and Miele, A. and Rebaudengo, M. and Salice, F. and Sciuto, D. and Sterpone, L. and Violante, M.},
pages={35-44},
language={English}
}
