@article{
year={2003},
issn={0923-8174},
journal={Journal of Electronic Testing},
volume={19},
number={5},
doi={10.1023/A:1025130131636},
title={Accurate Analysis of Single Event Upsets in a Pipelined Microprocessor},
url={http://dx.doi.org/10.1023/A%3A1025130131636},
publisher={Kluwer Academic Publishers},
keywords={dependability evaluation; single event upsets; fault injection},
author={Rebaudengo, M. and Reorda, M.Sonza and Violante, M.},
pages={577-584},
language={English}
}
